{
  "description": "Monthly business metrics time series with month-over-month growth",
  "summary": {
    "period_start": "2016-10",
    "period_end": "2018-08",
    "total_months": 22,
    "total_revenue": 15422461.77,
    "total_orders": 96477,
    "avg_monthly_revenue": 701020.99,
    "avg_monthly_orders": 4385.0
  },
  "monthly_data": [
    {
      "month": "2016-10",
      "year": 2016,
      "total_orders": 265,
      "total_customers": 265,
      "total_sellers": 128,
      "total_items_ordered": 313,
      "total_revenue": 46566.71,
      "avg_order_value": 175.72,
      "avg_basket_size": 1.18,
      "orders_mom_change": null,
      "orders_mom_pct": null,
      "customers_mom_change": null,
      "customers_mom_pct": null,
      "revenue_mom_change": null,
      "revenue_mom_pct": null
    },
    {
      "month": "2016-12",
      "year": 2016,
      "total_orders": 1,
      "total_customers": 1,
      "total_sellers": 1,
      "total_items_ordered": 1,
      "total_revenue": 19.62,
      "avg_order_value": 19.62,
      "avg_basket_size": 1.0,
      "orders_mom_change": -264,
      "orders_mom_pct": -99.62,
      "customers_mom_change": -264,
      "customers_mom_pct": -99.62,
      "revenue_mom_change": -46547.09,
      "revenue_mom_pct": -99.96
    },
    {
      "month": "2017-01",
      "year": 2017,
      "total_orders": 750,
      "total_customers": 750,
      "total_sellers": 219,
      "total_items_ordered": 913,
      "total_revenue": 127545.67,
      "avg_order_value": 170.06,
      "avg_basket_size": 1.22,
      "orders_mom_change": 749,
      "orders_mom_pct": 74900.0,
      "customers_mom_change": 749,
      "customers_mom_pct": 74900.0,
      "revenue_mom_change": 127526.05,
      "revenue_mom_pct": 649979.87
    },
    {
      "month": "2017-02",
      "year": 2017,
      "total_orders": 1653,
      "total_customers": 1653,
      "total_sellers": 402,
      "total_items_ordered": 1858,
      "total_revenue": 271298.65,
      "avg_order_value": 164.13,
      "avg_basket_size": 1.12,
      "orders_mom_change": 903,
      "orders_mom_pct": 120.4,
      "customers_mom_change": 903,
      "customers_mom_pct": 120.4,
      "revenue_mom_change": 143752.98,
      "revenue_mom_pct": 112.71
    },
    {
      "month": "2017-03",
      "year": 2017,
      "total_orders": 2546,
      "total_customers": 2546,
      "total_sellers": 476,
      "total_items_ordered": 2897,
      "total_revenue": 414369.39,
      "avg_order_value": 162.75,
      "avg_basket_size": 1.14,
      "orders_mom_change": 893,
      "orders_mom_pct": 54.02,
      "customers_mom_change": 893,
      "customers_mom_pct": 54.02,
      "revenue_mom_change": 143070.74,
      "revenue_mom_pct": 52.74
    },
    {
      "month": "2017-04",
      "year": 2017,
      "total_orders": 2303,
      "total_customers": 2303,
      "total_sellers": 488,
      "total_items_ordered": 2569,
      "total_revenue": 390952.18,
      "avg_order_value": 169.76,
      "avg_basket_size": 1.12,
      "orders_mom_change": -243,
      "orders_mom_pct": -9.54,
      "customers_mom_change": -243,
      "customers_mom_pct": -9.54,
      "revenue_mom_change": -23417.21,
      "revenue_mom_pct": -5.65
    },
    {
      "month": "2017-05",
      "year": 2017,
      "total_orders": 3546,
      "total_customers": 3546,
      "total_sellers": 563,
      "total_items_ordered": 4004,
      "total_revenue": 567066.73,
      "avg_order_value": 159.92,
      "avg_basket_size": 1.13,
      "orders_mom_change": 1243,
      "orders_mom_pct": 53.97,
      "customers_mom_change": 1243,
      "customers_mom_pct": 53.97,
      "revenue_mom_change": 176114.55,
      "revenue_mom_pct": 45.05
    },
    {
      "month": "2017-06",
      "year": 2017,
      "total_orders": 3135,
      "total_customers": 3135,
      "total_sellers": 519,
      "total_items_ordered": 3489,
      "total_revenue": 490225.6,
      "avg_order_value": 156.37,
      "avg_basket_size": 1.11,
      "orders_mom_change": -411,
      "orders_mom_pct": -11.59,
      "customers_mom_change": -411,
      "customers_mom_pct": -11.59,
      "revenue_mom_change": -76841.13,
      "revenue_mom_pct": -13.55
    },
    {
      "month": "2017-07",
      "year": 2017,
      "total_orders": 3872,
      "total_customers": 3872,
      "total_sellers": 593,
      "total_items_ordered": 4416,
      "total_revenue": 566403.93,
      "avg_order_value": 146.28,
      "avg_basket_size": 1.14,
      "orders_mom_change": 737,
      "orders_mom_pct": 23.51,
      "customers_mom_change": 737,
      "customers_mom_pct": 23.51,
      "revenue_mom_change": 76178.33,
      "revenue_mom_pct": 15.54
    },
    {
      "month": "2017-08",
      "year": 2017,
      "total_orders": 4193,
      "total_customers": 4193,
      "total_sellers": 683,
      "total_items_ordered": 4797,
      "total_revenue": 646000.61,
      "avg_order_value": 154.07,
      "avg_basket_size": 1.14,
      "orders_mom_change": 321,
      "orders_mom_pct": 8.29,
      "customers_mom_change": 321,
      "customers_mom_pct": 8.29,
      "revenue_mom_change": 79596.68,
      "revenue_mom_pct": 14.05
    },
    {
      "month": "2017-09",
      "year": 2017,
      "total_orders": 4150,
      "total_customers": 4150,
      "total_sellers": 711,
      "total_items_ordered": 4737,
      "total_revenue": 701169.99,
      "avg_order_value": 168.96,
      "avg_basket_size": 1.14,
      "orders_mom_change": -43,
      "orders_mom_pct": -1.03,
      "customers_mom_change": -43,
      "customers_mom_pct": -1.03,
      "revenue_mom_change": 55169.38,
      "revenue_mom_pct": 8.54
    },
    {
      "month": "2017-10",
      "year": 2017,
      "total_orders": 4478,
      "total_customers": 4478,
      "total_sellers": 762,
      "total_items_ordered": 5214,
      "total_revenue": 751140.27,
      "avg_order_value": 167.74,
      "avg_basket_size": 1.16,
      "orders_mom_change": 328,
      "orders_mom_pct": 7.9,
      "customers_mom_change": 328,
      "customers_mom_pct": 7.9,
      "revenue_mom_change": 49970.28,
      "revenue_mom_pct": 7.13
    },
    {
      "month": "2017-11",
      "year": 2017,
      "total_orders": 7289,
      "total_customers": 7289,
      "total_sellers": 937,
      "total_items_ordered": 8475,
      "total_revenue": 1153528.05,
      "avg_order_value": 158.26,
      "avg_basket_size": 1.16,
      "orders_mom_change": 2811,
      "orders_mom_pct": 62.77,
      "customers_mom_change": 2811,
      "customers_mom_pct": 62.77,
      "revenue_mom_change": 402387.78,
      "revenue_mom_pct": 53.57
    },
    {
      "month": "2017-12",
      "year": 2017,
      "total_orders": 5513,
      "total_customers": 5513,
      "total_sellers": 846,
      "total_items_ordered": 6187,
      "total_revenue": 843199.17,
      "avg_order_value": 152.95,
      "avg_basket_size": 1.12,
      "orders_mom_change": -1776,
      "orders_mom_pct": -24.37,
      "customers_mom_change": -1776,
      "customers_mom_pct": -24.37,
      "revenue_mom_change": -310328.88,
      "revenue_mom_pct": -26.9
    },
    {
      "month": "2018-01",
      "year": 2018,
      "total_orders": 7069,
      "total_customers": 7069,
      "total_sellers": 956,
      "total_items_ordered": 8037,
      "total_revenue": 1078606.86,
      "avg_order_value": 152.58,
      "avg_basket_size": 1.14,
      "orders_mom_change": 1556,
      "orders_mom_pct": 28.22,
      "customers_mom_change": 1556,
      "customers_mom_pct": 28.22,
      "revenue_mom_change": 235407.69,
      "revenue_mom_pct": 27.92
    },
    {
      "month": "2018-02",
      "year": 2018,
      "total_orders": 6555,
      "total_customers": 6555,
      "total_sellers": 928,
      "total_items_ordered": 7518,
      "total_revenue": 966510.88,
      "avg_order_value": 147.45,
      "avg_basket_size": 1.15,
      "orders_mom_change": -514,
      "orders_mom_pct": -7.27,
      "customers_mom_change": -514,
      "customers_mom_pct": -7.27,
      "revenue_mom_change": -112095.98,
      "revenue_mom_pct": -10.39
    },
    {
      "month": "2018-03",
      "year": 2018,
      "total_orders": 7003,
      "total_customers": 7003,
      "total_sellers": 981,
      "total_items_ordered": 8017,
      "total_revenue": 1120678.0,
      "avg_order_value": 160.03,
      "avg_basket_size": 1.14,
      "orders_mom_change": 448,
      "orders_mom_pct": 6.83,
      "customers_mom_change": 448,
      "customers_mom_pct": 6.83,
      "revenue_mom_change": 154167.12,
      "revenue_mom_pct": 15.95
    },
    {
      "month": "2018-04",
      "year": 2018,
      "total_orders": 6798,
      "total_customers": 6798,
      "total_sellers": 1105,
      "total_items_ordered": 7827,
      "total_revenue": 1132933.95,
      "avg_order_value": 166.66,
      "avg_basket_size": 1.15,
      "orders_mom_change": -205,
      "orders_mom_pct": -2.93,
      "customers_mom_change": -205,
      "customers_mom_pct": -2.93,
      "revenue_mom_change": 12255.95,
      "revenue_mom_pct": 1.09
    },
    {
      "month": "2018-05",
      "year": 2018,
      "total_orders": 6749,
      "total_customers": 6749,
      "total_sellers": 1105,
      "total_items_ordered": 7810,
      "total_revenue": 1128836.69,
      "avg_order_value": 167.26,
      "avg_basket_size": 1.16,
      "orders_mom_change": -49,
      "orders_mom_pct": -0.72,
      "customers_mom_change": -49,
      "customers_mom_pct": -0.72,
      "revenue_mom_change": -4097.26,
      "revenue_mom_pct": -0.36
    },
    {
      "month": "2018-06",
      "year": 2018,
      "total_orders": 6099,
      "total_customers": 6099,
      "total_sellers": 1165,
      "total_items_ordered": 7010,
      "total_revenue": 1012090.68,
      "avg_order_value": 165.94,
      "avg_basket_size": 1.15,
      "orders_mom_change": -650,
      "orders_mom_pct": -9.63,
      "customers_mom_change": -650,
      "customers_mom_pct": -9.63,
      "revenue_mom_change": -116746.01,
      "revenue_mom_pct": -10.34
    },
    {
      "month": "2018-07",
      "year": 2018,
      "total_orders": 6159,
      "total_customers": 6159,
      "total_sellers": 1238,
      "total_items_ordered": 6963,
      "total_revenue": 1027903.86,
      "avg_order_value": 166.89,
      "avg_basket_size": 1.13,
      "orders_mom_change": 60,
      "orders_mom_pct": 0.98,
      "customers_mom_change": 60,
      "customers_mom_pct": 0.98,
      "revenue_mom_change": 15813.18,
      "revenue_mom_pct": 1.56
    },
    {
      "month": "2018-08",
      "year": 2018,
      "total_orders": 6351,
      "total_customers": 6351,
      "total_sellers": 1261,
      "total_items_ordered": 7142,
      "total_revenue": 985414.28,
      "avg_order_value": 155.16,
      "avg_basket_size": 1.12,
      "orders_mom_change": 192,
      "orders_mom_pct": 3.12,
      "customers_mom_change": 192,
      "customers_mom_pct": 3.12,
      "revenue_mom_change": -42489.58,
      "revenue_mom_pct": -4.13
    }
  ]
}